<record><leader>00000cas a22000007a 4500</leader><controlfield tag="001">19533475</controlfield><controlfield tag="008">890411d19231925laudn ne      0    0eng d</controlfield><datafield ind1=" " ind2=" " tag="010"><subfield code="a">sn 89059053 </subfield></datafield><datafield ind1=" " ind2=" " tag="040"><subfield code="a">LNP</subfield><subfield code="b">eng</subfield><subfield code="c">LNP</subfield><subfield code="d">OCLCQ</subfield></datafield><datafield ind1=" " ind2=" " tag="042"><subfield code="a">msc</subfield></datafield><datafield ind1="0" ind2=" " tag="130"><subfield code="a">Daily journal of commerce (New Orleans, La.)</subfield></datafield><datafield ind1="1" ind2="0" tag="245"><subfield code="a">Daily journal of commerce.</subfield></datafield><datafield ind1=" " ind2=" " tag="260"><subfield code="a">New Orleans, La. :</subfield><subfield code="b">News Pub. Co.</subfield></datafield><datafield ind1=" " ind2=" " tag="300"><subfield code="a">v.</subfield></datafield><datafield ind1=" " ind2=" " tag="310"><subfield code="a">Daily (except Sun.)</subfield></datafield><datafield ind1="0" ind2=" " tag="362"><subfield code="a">Vol. 2, no. 24 (Jan. 2, 1923)-v. 6, no. 140 (May 21, 1925).</subfield></datafield><datafield ind1=" " ind2=" " tag="500"><subfield code="a">"Daily" and "of" appear as part of the masthead design.</subfield></datafield><datafield ind1=" " ind2=" " tag="752"><subfield code="a">United States</subfield><subfield code="b">Louisiana</subfield><subfield code="c">Orleans</subfield><subfield code="d">New Orleans.</subfield></datafield><datafield ind1="0" ind2="0" tag="780"><subfield code="t">Daily construction and industrial news</subfield><subfield code="w">(DLC)sn 89059059</subfield></datafield><datafield ind1="0" ind2="0" tag="785"><subfield code="t">New Orleans daily journal of commerce</subfield><subfield code="w">(DLC)sn 89059109</subfield></datafield></record>